% This file was created with JabRef 2.10.
% Encoding: UTF-8


@Conference{Duarte_2014,
  Title                    = {{Self-Organized Artificial Grammar Learning in Spiking Neural Networks}},
  Author                   = {Duarte, R. and Series, P. and Morrison, A.},
  Booktitle                = {{36th Annual Conference of the Cognitive Science Society}},
  Year                     = {2014},
  Month                    = {07},

  Owner                    = {fabian},
  Timestamp                = {2018.02.19}
}

@Article{Elman_1990,
  Title                    = {{Finding Structure in Time}},
  Author                   = {Elman, J. L.},
  Journal                  = {Cognitive Science},
  Year                     = {1990},
  Number                   = {2},
  Pages                    = {179--211},
  Volume                   = {14},

  Doi                      = {10.1207/s15516709cog1402_1},
  ISSN                     = {1551-6709},
  Publisher                = {Lawrence Erlbaum Associates, Inc.},
  Url                      = {http://dx.doi.org/10.1207/s15516709cog1402_1}
}

